@BOOK{costrikin_va1,
    author = {Алексей Иванович Кострикин},
    edition = {2},
    publisher = {М.: Физико-математическая литература},
    year = {2000},
    title = {Часть I. Основы алгебры},
    book = {Введение в алгебру},
    langid = {russian}
}

@BOOK{costrikin_va2,
    author = {Алексей Иванович Кострикин},
    edition = {2},
    publisher = {М.: Физико-математическая литература},
    year = {2000},
    title = {Часть II. Линейная алгебра},
    book = {Введение в алгебру},
    langid = {russian}
}

@BOOK{tyrtyshnikov_ma,
    author = {Евгений Евгеньевич Тыртышников},
    edition = {1},
    publisher = {М.: ФИЗМАТЛИТ},
    year = {2007},
    title = {Матричный анализ и линейная алгебра},
    langid = {russian}
}

@REPORT{stanford,
    author = {S. Cohen},
    title = {Systems of Bilinear Equations},
    institution = {Stanford University Computer Science Departament},
    year = {1998},
    langid = {english}
}